{"eth_usd":[{"type":"ask","price":1800.97299993,"amount":0.00012559,"tid":202788654,"timestamp":1679983570},{"type":"ask","price":1800.97299993,"amount":0.00020537,"tid":202788653,"timestamp":1679983332},{"type":"ask","price":1800.97299993,"amount":0.00012904,"tid":202788652,"timestamp":1679980839},{"type":"ask","price":1800.97299993,"amount":0.00010017,"tid":202788651,"timestamp":1679978808},{"type":"ask","price":1800.97299993,"amount":0.00599612,"tid":202788650,"timestamp":1679972049},{"type":"ask","price":1800.97299993,"amount":0.00021808,"tid":202788649,"timestamp":1679972048},{"type":"ask","price":1800.97299993,"amount":0.00599612,"tid":202788648,"timestamp":1679972045},{"type":"ask","price":1800.97299993,"amount":0.00021808,"tid":202788647,"timestamp":1679972043},{"type":"ask","price":1800.97299993,"amount":0.00013973,"tid":202788646,"timestamp":1679972038},{"type":"ask","price":1801,"amount":0.00007835,"tid":202788645,"timestamp":1679972038},{"type":"ask","price":1801,"amount":0.00021808,"tid":202788644,"timestamp":1679972033},{"type":"ask","price":1801,"amount":0.00021808,"tid":202788643,"timestamp":1679972028},{"type":"ask","price":1801,"amount":0.00021808,"tid":202788642,"timestamp":1679972023},{"type":"ask","price":1801,"amount":0.00009936,"tid":202788641,"timestamp":1679972018},{"type":"ask","price":1801.00000001,"amount":0.00011872,"tid":202788640,"timestamp":1679972018},{"type":"ask","price":1801.00000001,"amount":0.00021808,"tid":202788639,"timestamp":1679972012},{"type":"ask","price":1801,"amount":0.00021728,"tid":202788638,"timestamp":1679972000},{"type":"ask","price":1801,"amount":0.00010095,"tid":202788637,"timestamp":1679971994},{"type":"ask","price":1801.00000001,"amount":0.00011633,"tid":202788636,"timestamp":1679971994},{"type":"bid","price":1821.09999999,"amount":0.00033444,"tid":202788635,"timestamp":1679970924},{"type":"ask","price":1801.00000001,"amount":0.00010543,"tid":202788634,"timestamp":1679968843},{"type":"bid","price":1819.69999999,"amount":0.00045091,"tid":202788633,"timestamp":1679968795},{"type":"bid","price":1817.69999998,"amount":0.0002196,"tid":202788632,"timestamp":1679956919},{"type":"bid","price":1816.39999987,"amount":0.00021976,"tid":202788631,"timestamp":1679955646},{"type":"ask","price":1800.97299993,"amount":0.00010598,"tid":202788630,"timestamp":1679948424},{"type":"ask","price":1800.97299993,"amount":0.00011845,"tid":202788629,"timestamp":1679948410},{"type":"ask","price":1801,"amount":0.00019403,"tid":202788628,"timestamp":1679947896},{"type":"ask","price":1801,"amount":0.00011573,"tid":202788627,"timestamp":1679947707},{"type":"ask","price":1801,"amount":0.00578668,"tid":202788626,"timestamp":1679947701},{"type":"ask","price":1801,"amount":0.00037756,"tid":202788625,"timestamp":1679946988},{"type":"ask","price":1800.97299993,"amount":0.0004133,"tid":202788624,"timestamp":1679946730},{"type":"ask","price":1800.97299993,"amount":0.00020764,"tid":202788623,"timestamp":1679946719},{"type":"ask","price":1801,"amount":0.0001075,"tid":202788622,"timestamp":1679942303},{"type":"ask","price":1801,"amount":0.00010439,"tid":202788621,"timestamp":1679940725},{"type":"ask","price":1801,"amount":0.00022744,"tid":202788620,"timestamp":1679940566},{"type":"ask","price":1801,"amount":0.00022643,"tid":202788619,"timestamp":1679940511},{"type":"ask","price":1801,"amount":0.00013069,"tid":202788618,"timestamp":1679940503},{"type":"ask","price":1801,"amount":0.00022555,"tid":202788617,"timestamp":1679940456},{"type":"ask","price":1801,"amount":0.00066147,"tid":202788616,"timestamp":1679940435},{"type":"ask","price":1801,"amount":0.00022525,"tid":202788615,"timestamp":1679940400},{"type":"ask","price":1801,"amount":0.00011552,"tid":202788614,"timestamp":1679940317},{"type":"ask","price":1801,"amount":0.00047461,"tid":202788613,"timestamp":1679940298},{"type":"ask","price":1801,"amount":0.00047892,"tid":202788612,"timestamp":1679940253},{"type":"ask","price":1800.97299993,"amount":0.00013118,"tid":202788611,"timestamp":1679940224},{"type":"ask","price":1800.97299993,"amount":0.00011234,"tid":202788610,"timestamp":1679940087},{"type":"ask","price":1800.97299993,"amount":0.00023,"tid":202788609,"timestamp":1679939927},{"type":"ask","price":1800.97299993,"amount":0.00010054,"tid":202788608,"timestamp":1679939903},{"type":"ask","price":1800.97299993,"amount":0.00014313,"tid":202788607,"timestamp":1679939821},{"type":"ask","price":1800.97299993,"amount":0.00019423,"tid":202788606,"timestamp":1679939801},{"type":"ask","price":1801,"amount":0.0004399,"tid":202788605,"timestamp":1679936954},{"type":"ask","price":1800.97299993,"amount":0.001,"tid":202788604,"timestamp":1679935730},{"type":"ask","price":1801,"amount":0.009,"tid":202788603,"timestamp":1679935730},{"type":"ask","price":1801,"amount":0.00017756,"tid":202788602,"timestamp":1679935388},{"type":"ask","price":1801,"amount":0.00010711,"tid":202788601,"timestamp":1679935362},{"type":"ask","price":1801,"amount":0.00022518,"tid":202788600,"timestamp":1679935219},{"type":"ask","price":1800.97299993,"amount":0.00015974,"tid":202788599,"timestamp":1679931083},{"type":"ask","price":1800.97299993,"amount":0.00011936,"tid":202788598,"timestamp":1679930851},{"type":"ask","price":1800.97299993,"amount":0.00025377,"tid":202788597,"timestamp":1679930287},{"type":"ask","price":1800.97299993,"amount":0.00011185,"tid":202788596,"timestamp":1679929976},{"type":"ask","price":1800.97299993,"amount":0.00013355,"tid":202788595,"timestamp":1679929971},{"type":"ask","price":1800.97299993,"amount":0.00010085,"tid":202788594,"timestamp":1679929964},{"type":"ask","price":1800.97299993,"amount":0.00010148,"tid":202788593,"timestamp":1679929960},{"type":"ask","price":1800.97299993,"amount":0.00014595,"tid":202788592,"timestamp":1679929952},{"type":"ask","price":1800.97299993,"amount":0.0025541,"tid":202788591,"timestamp":1679929943},{"type":"ask","price":1800.97299993,"amount":0.0002247,"tid":202788590,"timestamp":1679929937},{"type":"ask","price":1800.97299993,"amount":0.00342696,"tid":202788589,"timestamp":1679929928},{"type":"ask","price":1800.97299993,"amount":0.00300012,"tid":202788588,"timestamp":1679929917},{"type":"ask","price":1800.97299993,"amount":0.00010807,"tid":202788587,"timestamp":1679929914},{"type":"ask","price":1800.97299993,"amount":0.00137136,"tid":202788586,"timestamp":1679929911},{"type":"ask","price":1800.97299993,"amount":0.00010202,"tid":202788585,"timestamp":1679929837},{"type":"ask","price":1800.97299993,"amount":0.00010048,"tid":202788584,"timestamp":1679929836},{"type":"ask","price":1800.97299993,"amount":0.00010166,"tid":202788583,"timestamp":1679929830},{"type":"ask","price":1800.97299993,"amount":0.00011974,"tid":202788582,"timestamp":1679929825},{"type":"ask","price":1800.97299993,"amount":0.17762465,"tid":202788581,"timestamp":1679929794},{"type":"ask","price":1800.97299999,"amount":0.10737636,"tid":202788580,"timestamp":1679929794},{"type":"ask","price":1801.00000001,"amount":0.00070636,"tid":202788579,"timestamp":1679929794},{"type":"ask","price":1801.00000001,"amount":0.00224973,"tid":202788578,"timestamp":1679929794},{"type":"ask","price":1801.00000001,"amount":0.00217032,"tid":202788577,"timestamp":1679929793},{"type":"ask","price":1801.00000001,"amount":0.00091349,"tid":202788576,"timestamp":1679929793},{"type":"ask","price":1801.00000001,"amount":0.00079217,"tid":202788575,"timestamp":1679929793},{"type":"ask","price":1803.60829209,"amount":0.00024311,"tid":202788574,"timestamp":1679929793},{"type":"ask","price":1803.60829209,"amount":0.00023316,"tid":202788573,"timestamp":1679929793},{"type":"ask","price":1803.60829209,"amount":0.00014421,"tid":202788572,"timestamp":1679929793},{"type":"ask","price":1803.60829209,"amount":0.00011515,"tid":202788571,"timestamp":1679929793},{"type":"ask","price":1803.60829209,"amount":0.00082884,"tid":202788570,"timestamp":1679929793},{"type":"ask","price":1803.60829209,"amount":0.00020796,"tid":202788569,"timestamp":1679929793},{"type":"ask","price":1803.60829209,"amount":0.00025705,"tid":202788568,"timestamp":1679929793},{"type":"ask","price":1803.60829209,"amount":0.00015139,"tid":202788567,"timestamp":1679929793},{"type":"ask","price":1803.60829209,"amount":0.00039214,"tid":202788566,"timestamp":1679929793},{"type":"ask","price":1803.60829209,"amount":0.00012864,"tid":202788565,"timestamp":1679929793},{"type":"ask","price":1803.60829209,"amount":0.00034701,"tid":202788564,"timestamp":1679929787},{"type":"ask","price":1803.60829209,"amount":0.00028645,"tid":202788563,"timestamp":1679929787},{"type":"ask","price":1803.60829209,"amount":0.00046684,"tid":202788562,"timestamp":1679929787},{"type":"ask","price":1803.60829209,"amount":0.00011988,"tid":202788561,"timestamp":1679929787},{"type":"ask","price":1803.60829209,"amount":0.00046772,"tid":202788560,"timestamp":1679929787},{"type":"ask","price":1803.60829209,"amount":0.00017644,"tid":202788559,"timestamp":1679929787},{"type":"ask","price":1803.60829209,"amount":0.0002512,"tid":202788558,"timestamp":1679929787},{"type":"ask","price":1803.60829209,"amount":0.00014738,"tid":202788557,"timestamp":1679929787},{"type":"ask","price":1803.60829209,"amount":0.00023971,"tid":202788556,"timestamp":1679929787},{"type":"ask","price":1803.60829209,"amount":0.00014394,"tid":202788555,"timestamp":1679929787},{"type":"ask","price":1803.60829209,"amount":0.00060325,"tid":202788554,"timestamp":1679929787},{"type":"ask","price":1803.60829209,"amount":0.0001799,"tid":202788553,"timestamp":1679929787},{"type":"ask","price":1803.60829209,"amount":0.00069655,"tid":202788552,"timestamp":1679929787},{"type":"ask","price":1803.60829209,"amount":0.00017237,"tid":202788551,"timestamp":1679929787},{"type":"ask","price":1803.60829209,"amount":0.00035555,"tid":202788550,"timestamp":1679929787},{"type":"ask","price":1803.60829209,"amount":0.00082225,"tid":202788549,"timestamp":1679929787},{"type":"ask","price":1803.60829209,"amount":0.00031441,"tid":202788548,"timestamp":1679929787},{"type":"ask","price":1803.60829209,"amount":0.00033104,"tid":202788547,"timestamp":1679929787},{"type":"ask","price":1803.60829209,"amount":0.0003715,"tid":202788546,"timestamp":1679929787},{"type":"ask","price":1803.60829209,"amount":0.00000661,"tid":202788545,"timestamp":1679929786},{"type":"ask","price":1803.60829209,"amount":0.00075246,"tid":202788544,"timestamp":1679929661},{"type":"ask","price":1803.60829209,"amount":0.00047489,"tid":202788543,"timestamp":1679929661},{"type":"ask","price":1803.60829209,"amount":0.00100177,"tid":202788542,"timestamp":1679929661},{"type":"ask","price":1803.60829209,"amount":0.00011276,"tid":202788541,"timestamp":1679929661},{"type":"ask","price":1803.60829209,"amount":0.00018667,"tid":202788540,"timestamp":1679929661},{"type":"ask","price":1803.60829209,"amount":0.00046116,"tid":202788539,"timestamp":1679929661},{"type":"ask","price":1803.60829209,"amount":0.00011628,"tid":202788538,"timestamp":1679929661},{"type":"ask","price":1815.08695652,"amount":0.00010856,"tid":202788537,"timestamp":1679929361},{"type":"ask","price":1815.08695652,"amount":0.00015807,"tid":202788536,"timestamp":1679929361},{"type":"ask","price":1815.08695652,"amount":0.00011851,"tid":202788535,"timestamp":1679929361},{"type":"ask","price":1815.08695652,"amount":0.00012,"tid":202788534,"timestamp":1679929361},{"type":"ask","price":1820,"amount":0.00016926,"tid":202788533,"timestamp":1679929259},{"type":"ask","price":1820,"amount":0.00518138,"tid":202788532,"timestamp":1679929217},{"type":"ask","price":1820.08695652,"amount":0.00015927,"tid":202788531,"timestamp":1679929217},{"type":"ask","price":1820.08695652,"amount":0.00018031,"tid":202788530,"timestamp":1679929217},{"type":"ask","price":1820.08695652,"amount":0.00043688,"tid":202788529,"timestamp":1679929217},{"type":"ask","price":1820.08695652,"amount":0.000121,"tid":202788528,"timestamp":1679929217},{"type":"ask","price":1820.08695652,"amount":0.00018014,"tid":202788527,"timestamp":1679929217},{"type":"ask","price":1820.08695652,"amount":0.00024999,"tid":202788526,"timestamp":1679929217},{"type":"ask","price":1820.08695652,"amount":0.00010528,"tid":202788525,"timestamp":1679929217},{"type":"ask","price":1820.08695652,"amount":0.00040124,"tid":202788524,"timestamp":1679929217},{"type":"ask","price":1820.08695652,"amount":0.00053311,"tid":202788523,"timestamp":1679929217},{"type":"ask","price":1820.08695652,"amount":0.00056104,"tid":202788522,"timestamp":1679929217},{"type":"ask","price":1820.08695652,"amount":0.00042302,"tid":202788521,"timestamp":1679929217},{"type":"ask","price":1820.08695652,"amount":0.00055892,"tid":202788520,"timestamp":1679929217},{"type":"ask","price":1820.08695652,"amount":0.00041361,"tid":202788519,"timestamp":1679929217},{"type":"ask","price":1820.08695652,"amount":0.00065708,"tid":202788518,"timestamp":1679929217},{"type":"ask","price":1820.08695652,"amount":0.00023237,"tid":202788517,"timestamp":1679929216},{"type":"ask","price":1820.08695652,"amount":0.00021369,"tid":202788516,"timestamp":1679929216},{"type":"ask","price":1820.08695652,"amount":0.00086601,"tid":202788515,"timestamp":1679929216},{"type":"ask","price":1820.08695652,"amount":0.00028311,"tid":202788514,"timestamp":1679929216},{"type":"ask","price":1820.08695652,"amount":0.00020967,"tid":202788513,"timestamp":1679929216},{"type":"ask","price":1820.08695652,"amount":0.00023327,"tid":202788512,"timestamp":1679929216},{"type":"ask","price":1820.08695652,"amount":0.00028736,"tid":202788511,"timestamp":1679929216},{"type":"ask","price":1820.08695652,"amount":0.00014849,"tid":202788510,"timestamp":1679929216},{"type":"ask","price":1820.08695652,"amount":0.00016129,"tid":202788509,"timestamp":1679929216},{"type":"ask","price":1820.08695652,"amount":0.00032575,"tid":202788508,"timestamp":1679929216},{"type":"ask","price":1820.08695652,"amount":0.00011052,"tid":202788507,"timestamp":1679929216},{"type":"ask","price":1820.08695652,"amount":0.00011052,"tid":202788506,"timestamp":1679929215},{"type":"ask","price":1820.08695652,"amount":0.00010914,"tid":202788505,"timestamp":1679929215}]}